%%%%%%%%%%%%%%%%%%%%%%%%%%%%%%%%%%%
%%%%%%%%%%% LIVROS %%%%%%%%%%%%%%%%
%%%%%%%%%%%%%%%%%%%%%%%%%%%%%%%%%%%

% Cloud Computing: Web-Based Applications That Change the Way You Work and Collaborate Online
@book{miller,
 title = {Cloud Computing: Web-Based Applications That Change the Way You Work and Collaborate Online},
 author = {Michael Miller},
 publisher = {Que},
 pages = {312},
 url = {http://www.amazon.com/Cloud-Computing-Web-Based-Applications-Collaborate/dp/0789738031/ref=pd_sbs_b_1}
}

@book{carr,
	title = {The Big Switch: Rewiring the World, from Edison to Google},
	author = {Nicholas Carr},
	citeulike-article-id = {2086185},
	howpublished = {Hardcover},
	isbn = {0393062287},
	keywords = {cloud, computing, future, grid, network},
	month = {January},
	posted-at = {2008-03-06 07:55:50},
	priority = {3},
	publisher = {{W. W. Norton}},
	url = {http://www.amazon.ca/exec/obidos/redirect?tag=citeulike09-20\&amp;path=ASIN/0393062287},
	year = {2008}
}

%%%%%%%%%%%%%%%%%%%%%%%%%%%%%%%%%%%
%%%%%%%%%%% PUBLICACOES %%%%%%%%%%%
%%%%%%%%%%%%%%%%%%%%%%%%%%%%%%%%%%%

@article{acm:weiss,
 title = {Computing in the clouds},
 author = {Aaron Weiss},
 journal = {netWorker},
 volume = {11},
 number = {4},
 year = {2007},
 issn = {1091-3556},
 pages = {16--25},
 doi = {http://doi.acm.org/10.1145/1327512.1327513},
 publisher = {ACM},
 address = {New York, NY, USA},
 }

@inproceedings{acm:s3,
 title = {Building a database on {S}3},
 author = {Matthias Brantner and Daniela Florescu and David Graf and Donald Kossmann and Tim Kraska},
 booktitle = {SIGMOD '08: Proceedings of the 2008 ACM SIGMOD international conference on Management of data},
 year = {2008},
 isbn = {978-1-60558-102-6},
 pages = {251--264},
 location = {Vancouver, Canada},
 doi = {http://doi.acm.org/10.1145/1376616.1376645},
 publisher = {ACM},
 address = {New York, NY, USA},
 }

@article{acm:comms,
 title = {Cloud computing},
 author = {Brian Hayes},
 journal = {Commun. ACM},
 volume = {51},
 number = {7},
 year = {2008},
 issn = {0001-0782},
 pages = {9--11},
 doi = {http://doi.acm.org/10.1145/1364782.1364786},
 publisher = {ACM},
 address = {New York, NY, USA},
 }

% julho = 7
@article{info,
 title = {A nuvem Ã© o computador},
 author = {Max Alberto Gonzales},
 journal = {Info Exame},
 year = {2008},
 number = {269},
 pages = {60--65},
 publisher = {Editora Abril}
}

%title = {The petabyte age}, 106-121
@article{wired:end,
 title = {The End of Theory: The Data Deluge Makes the Scientific Method Obsolete},
 author = {Chris Anderson},
 journal = {Wired},
 year = {2008},
 number = {7},
 pages = {108--109},
 url = {http://www.wired.com/science/discoveries/magazine/16-07/pb_theory}
 }
 
@article{wired:factories,
 title = {The Information Factories},
 author = {George Gilder},
 journal = {Wired},
 year = {2006},
 number = {10},
 url = {http://www.wired.com/wired/archive/14.10/cloudware_pr.html}
 }

%%%%%%%%%%%%%%%%%%%%%%%%%%%
%%%%%%%% BLOGS %%%%%%%%%%%%
%%%%%%%%%%%%%%%%%%%%%%%%%%%

@misc{akita,
 title = {Off-Topic: {G}oogle {A}pp {E}ngine e Cloud Computing},
 author = {Fabio Akita},
 howpublished = {Blog},
 month = {4},
 year = {2008},
 url = {http://www.akitaonrails.com/2008/4/13/off-topic-google-app-engine-e-cloud-computing}
 }


