%%%%%%%%%%%%%%%%%%%%%%%%%%%%%%%%%%%
%%%%%%%%%%% LIVROS %%%%%%%%%%%%%%%%
%%%%%%%%%%%%%%%%%%%%%%%%%%%%%%%%%%%

% Cloud Computing: Web-Based Applications That Change the Way You Work and Collaborate Online
@book{miller,
 title = {Cloud Computing: Web-Based Applications That Change the Way You Work and Collaborate Online},
 author = {Michael Miller},
 publisher = {Que},
 pages = {312},
 url = {http://www.amazon.com/Cloud-Computing-Web-Based-Applications-Collaborate/dp/0789738031/ref=pd_sbs_b_1}
}

@book{carr,
	title = {The Big Switch: Rewiring the World, from Edison to Google},
	author = {Nicholas Carr},
	citeulike-article-id = {2086185},
	howpublished = {Hardcover},
	isbn = {0393062287},
	keywords = {cloud, computing, future, grid, network},
	month = {January},
	posted-at = {2008-03-06 07:55:50},
	priority = {3},
	publisher = {{W. W. Norton}},
	url = {http://www.amazon.ca/exec/obidos/redirect?tag=citeulike09-20\&amp;path=ASIN/0393062287},
	year = {2008}
}

%%%%%%%%%%%%%%%%%%%%%%%%%%%%%%%%%%%
%%%%%%%%%%% PUBLICACOES %%%%%%%%%%%
%%%%%%%%%%%%%%%%%%%%%%%%%%%%%%%%%%%

@article{acm:weiss,
 title = {Computing in the clouds},
 author = {Aaron Weiss},
 journal = {netWorker},
 volume = {11},
 number = {4},
 year = {2007},
 issn = {1091-3556},
 pages = {16--25},
 doi = {http://doi.acm.org/10.1145/1327512.1327513},
 publisher = {ACM},
 address = {New York, NY, USA},
 }

@inproceedings{acm:s3,
 title = {Building a database on {S}3},
 author = {Matthias Brantner and Daniela Florescu and David Graf and Donald Kossmann and Tim Kraska},
 booktitle = {SIGMOD '08: Proceedings of the 2008 ACM SIGMOD international conference on Management of data},
 year = {2008},
 isbn = {978-1-60558-102-6},
 pages = {251--264},
 location = {Vancouver, Canada},
 doi = {http://doi.acm.org/10.1145/1376616.1376645},
 publisher = {ACM},
 address = {New York, NY, USA},
 }

@article{acm:comms,
 title = {Cloud computing},
 author = {Brian Hayes},
 journal = {Commun. ACM},
 volume = {51},
 number = {7},
 year = {2008},
 issn = {0001-0782},
 pages = {9--11},
 doi = {http://doi.acm.org/10.1145/1364782.1364786},
 publisher = {ACM},
 address = {New York, NY, USA},
 }

% julho = 7
@article{info,
 title = {A nuvem é o computador},
 author = {Max Alberto Gonzales},
 journal = {Info Exame},
 year = {2008},
 number = {269},
 pages = {60--65},
 publisher = {Editora Abril}
}

%title = {The petabyte age}, 106-121
@article{wired:end,
 title = {The End of Theory: The Data Deluge Makes the Scientific Method Obsolete},
 author = {Chris Anderson},
 journal = {Wired},
 year = {2008},
 number = {7},
 pages = {108--109},
 url = {http://www.wired.com/science/discoveries/magazine/16-07/pb_theory}
 }
 
@article{wired:factories,
 title = {The Information Factories},
 author = {George Gilder},
 journal = {Wired},
 year = {2006},
 number = {10},
 url = {http://www.wired.com/wired/archive/14.10/cloudware_pr.html}
 }

%%%%%%%%%%%%%%%%%%%%%%%%%%%
%%%%%%%% BLOGS %%%%%%%%%%%%
%%%%%%%%%%%%%%%%%%%%%%%%%%%

@misc{akita,
 title = {Off-Topic: {G}oogle {A}pp {E}ngine e Cloud Computing},
 author = {Fabio Akita},
 howpublished = {Blog},
 month = {4},
 year = {2008},
 url = {http://www.akitaonrails.com/2008/4/13/off-topic-google-app-engine-e-cloud-computing}
 }


@misc{teste,
 title = {Teste},
 author = {Rodrigo Rocha and Denise Vaz},
 year = {2008}}


%------------------------

@misc{ec2,
 author = {Amazon.com},
 title = {Amazon EC2: Amazon Web Services},
 year = {2008},
 notes = {Disponível em \url{http://www.amazon.com/EC2}}
}

@misc{s3,
 author = {Amazon.com},
 title = {Amazon S3: Amazon Web Services},
 year = {2008},
 notes = {Disponível em \url{http://www.amazon.com/S3}}
}

@misc{itut,
 title = {ITU-T Recommendations X.509: Data Networks, Open System Communications and Security},
 author = {ITU-T},
 year = {2005}
}

@article{ourgrid:portifolio,
 title = {Um portifolio de segurança para um sistema entre pares de livre entrada},
 author = {Flavio Figueiredo and Matheus Gaudêncio and Thiago Emmanuel and Rodrigo Miranda and Francisco Brasileiro},
 year = {2008},
 journal =  {VI Workshop de Computação em Grades e Aplicações},
 pages = {25--36}
}

%%%%%%%%%%%%%%%%%%%%%%%%%%%%%%%%%%%%%%%%%%%%%%
% OurGrid

@article{CBPGV07,
author = {Walfredo Cirne and Francisco Brasileiro and Daniel Paranhos and Lu\'{\i}s Fabr\'{\i}cio W. G\'{o}es and William Voorsluys},
title = {On the efficacy, efficiency and emergent behavior of task replication in large distributed systems},
journal = {Parallel Computing},
volume = {33},
number = {3},
year = {2007},
issn = {0167-8191},
pages = {213--234},
doi = {http://dx.doi.org/10.1016/j.parco.2007.01.002},
publisher = {Elsevier Science Publishers B. V.},
address = {Amsterdam, The Netherlands, The Netherlands},
}

@article{ourgrid:ABCM07,
author = {Nazareno Andrade and Francisco Brasileiro and Walfredo Cirne and Miranda Mowbray},
title = {Automatic grid assembly by promoting collaboration in peer-to-peer grids},
journal = {Journal of Parallel and Distributed Computing},
volume = {67},
number = {8},
year = {2007},
issn = {0743-7315},
pages = {957--966},
doi = {http://dx.doi.org/10.1016/j.jpdc.2007.04.011},
publisher = {Academic Press, Inc.},
address = {Orlando, FL, USA},
}

@article{SACBA07,
author = {Robson Santos and Alisson Andrade and Walfredo Cirne and Francisco Brasileiro and Nazareno Andrade},
title = {Relative autonomous accounting for peer-to-peer Grids: Research Articles},
journal = {Concurrency and Computation: Practice & Experience},
volume = {19},
number = {14},
year = {2007},
issn = {1532-0626},
pages = {1937--1954},
doi = {http://dx.doi.org/10.1002/cpe.v19:14},
publisher = {John Wiley and Sons Ltd.},
address = {Chichester, UK, UK},
}

@article{ourgrid:unite,
author = {Walfredo Cirne and Francisco Brasileiro and Nazareno Andrade and Lauro Costa and Alisson Andrade and Reynaldo Novaes and Miranda Mowbray},
title = {Labs of the World, Unite!!!},
journal = {Journal of Grid Computing},
volume = {4},
number = {3},
year = {2006},
issn ={1570-7873},
pages = {225--246},
doi = {http://dx.doi.org/10.1007/s10723-006-9040-x}, publisher = {Springer},
address = {New York, USA},
}

@inproceedings{SB05,
author = {Livia Sampaio and Francisco Brasileiro},
title = {Adaptive Indulgent Consensus},
booktitle = {DSN'05: Proceedings of the 2005 International Conference on Dependable Systems and Networks (DSN'05)},
year = {2005},
isbn = {0-7695-2282-3},
pages = {422--431},
doi = {http://dx.doi.org/10.1109/DSN.2005.16},
publisher = {IEEE Computer Society},
address = {Washington, DC, USA},
}

@article{EBS04,
author = {Paul D. Ezhilchelvan and Francisco Brasileiro and Neil A. Speirs},
title = {A Timeout-Based Message Ordering Protocol for a Lightweight Software Implementation of TMR Systems},
journal = {IEEE Transactions on Parallel and Distributed Systems},
volume = {15},
number = {1},
year = {2004},
issn = {1045-9219},
pages = {53--65},
doi = {http://dx.doi.org/10.1109/TPDS.2004.1264786}, publisher = {IEEE Press},
address = {Piscataway, NJ, USA},
}

@article{WABGH02,
author = {Yun Wang and Emmanuelle Anceaume and Francisco Brasileiro and Fab\'{\i}ola Greve and Michel Hurfin},
title = {Solving the Group Priority Inversion Problem in a Timed Asynchronous System},
journal = {IEEE Transactions on Computers},
volume = {51},
number = {8},
year = {2002},
issn = {0018-9340},
pages = {900--915},
doi = {http://dx.doi.org/10.1109/TC.2002.1024738},
publisher = {IEEE Computer Society},
address = {Washington, DC, USA},
}

@inproceedings{BGMR01,
author = {Francisco V. Brasileiro and Fab\'{\i}ola Greve and Achour Most\'{e}faoui and Michel Raynal},
title = {Consensus in One Communication Step},
booktitle = {PaCT '01: Proceedings of the 6th International Conference on Parallel Computing Technologies},
year = {2001},
isbn = {3-540-42522-5},
pages = {42--50},
publisher = {Springer-Verlag},
address = {London, UK},
}

@article{BESST96,
author = {Francisco V. Brasileiro and Paul Devadoss Ezhilchelvan and Santosh K. Shrivastava and Neil A. Speirs and S. Tao},
title = {Implementing Fail-Silent Nodes for Distributed Systems},
journal = {IEEE Transactions on Computers},
volume = {45},
number = {11},
year = {1996},
issn = {0018-9340},
pages = {1226--1238},
doi = {http://dx.doi.org/10.1109/12.544479},
publisher = {IEEE Computer Society},
address = {Washington, DC, USA},
} 
